<record><leader>00000cas a2200000 a 4500</leader><controlfield tag="001">10494709</controlfield><controlfield tag="008">840307d18311835vtuwr ne      0    0eng c</controlfield><datafield ind1=" " ind2=" " tag="010"><subfield code="a">sn 84022590 </subfield></datafield><datafield ind1=" " ind2=" " tag="040"><subfield code="a">NPX</subfield><subfield code="b">eng</subfield><subfield code="c">NPX</subfield><subfield code="d">DLC</subfield><subfield code="d">CNK</subfield><subfield code="d">NVK</subfield><subfield code="d">NVN</subfield><subfield code="d">OCL</subfield><subfield code="d">CRL</subfield><subfield code="d">DLC</subfield><subfield code="d">OCLCQ</subfield><subfield code="d">OCLCA</subfield><subfield code="d">OCLCF</subfield></datafield><datafield ind1="1" ind2=" " tag="029"><subfield code="a">AU@</subfield><subfield code="b">000020129069</subfield></datafield><datafield ind1=" " ind2=" " tag="042"><subfield code="a">pcc</subfield></datafield><datafield ind1=" " ind2=" " tag="043"><subfield code="a">n-us-vt</subfield></datafield><datafield ind1="0" ind2="0" tag="050"><subfield code="a">Newspaper</subfield></datafield><datafield ind1="0" ind2="0" tag="245"><subfield code="a">Vermont intelligencer.</subfield></datafield><datafield ind1="1" ind2="3" tag="246"><subfield code="a">Intelligencer</subfield></datafield><datafield ind1=" " ind2=" " tag="260"><subfield code="a">Bellows Falls, Vt. :</subfield><subfield code="b">Cook and Taylor,</subfield><subfield code="c">[1831]-</subfield></datafield><datafield ind1=" " ind2=" " tag="300"><subfield code="a">v. :</subfield><subfield code="b">ill. (chiefly advertisements) ;</subfield><subfield code="c">54 cm.</subfield></datafield><datafield ind1=" " ind2=" " tag="310"><subfield code="a">Weekly</subfield></datafield><datafield ind1="0" ind2=" " tag="362"><subfield code="a">New ser., vol. 11, no. 1 (Feb. 28, 1831)- = vol. 15, no. 13-</subfield></datafield><datafield ind1="1" ind2=" " tag="362"><subfield code="a">Ceased in 1835?</subfield><subfield code="z">Cf. Gregory, W. Amer. newspapers.</subfield></datafield><datafield ind1=" " ind2=" " tag="500"><subfield code="a">Editor: S.H. Taylor &lt;1833-&gt;</subfield></datafield><datafield ind1=" " ind2=" " tag="515"><subfield code="a">Alternative numbering dropped after &lt;new ser. vol. 2, no. 13 (May 21, 1831) = vol. 15, no. 25&gt;</subfield></datafield><datafield ind1=" " ind2=" " tag="530"><subfield code="a">Also issued on microfilm from Readex.</subfield></datafield><datafield ind1=" " ind2=" " tag="588"><subfield code="a">Latest issue consulted: New ser., vol. 6, no. 34 (Oct. 11, 1834).</subfield></datafield><datafield ind1=" " ind2="0" tag="651"><subfield code="a">Bellows Falls (Vt.)</subfield><subfield code="v">Newspapers.</subfield></datafield><datafield ind1=" " ind2="0" tag="651"><subfield code="a">Vermont</subfield><subfield code="v">Newspapers.</subfield></datafield><datafield ind1=" " ind2="7" tag="655"><subfield code="a">Newspapers.</subfield><subfield code="2">fast</subfield><subfield code="0">(OCoLC)fst01423814</subfield></datafield><datafield ind1=" " ind2="7" tag="651"><subfield code="a">Vermont.</subfield><subfield code="2">fast</subfield><subfield code="0">(OCoLC)fst01204305</subfield></datafield><datafield ind1=" " ind2="7" tag="651"><subfield code="a">Vermont</subfield><subfield code="z">Bellows Falls.</subfield><subfield code="2">fast</subfield><subfield code="0">(OCoLC)fst01222430</subfield></datafield><datafield ind1="1" ind2=" " tag="700"><subfield code="a">Taylor, Samuel H.</subfield></datafield><datafield ind1=" " ind2=" " tag="752"><subfield code="a">United States</subfield><subfield code="b">Vermont</subfield><subfield code="c">Windham</subfield><subfield code="d">Bellows Falls.</subfield></datafield><datafield ind1="0" ind2="0" tag="780"><subfield code="t">Bellows Falls intelligencer</subfield><subfield code="w">(DLC)sn 83025648</subfield><subfield code="w">(OCoLC)9725623</subfield></datafield></record>